<?xml version="1.0" encoding="UTF-8"?><collection xmlns="http://www.loc.gov/MARC21/slim"><record><leader>00495nam--2200181-i-4500</leader><controlfield tag="001">000022351</controlfield><controlfield tag="002">20161230</controlfield><controlfield tag="005">20161230201034</controlfield><controlfield tag="008">060222s1000------------r-----000-0-eng-d</controlfield><datafield ind1=" " ind2=" " tag="040"><subfield code="a">IFIN-HH</subfield></datafield><datafield ind1=" " ind2=" " tag="080"><subfield code="a">539.12:539.12...17</subfield></datafield><datafield ind1="1" ind2=" " tag="100"><subfield code="a">Hopper, V.D</subfield></datafield><datafield ind1="1" ind2="0" tag="245"><subfield code="a">Cosmic radiation and high energy interactions</subfield><subfield code="c">V.d. hopper</subfield></datafield><datafield ind1=" " ind2=" " tag="260"><subfield code="a">London</subfield><subfield code="b">Logos Press</subfield><subfield code="c">1964</subfield></datafield><datafield ind1=" " ind2=" " tag="300"><subfield code="a">X + 234P</subfield></datafield><datafield ind1=" " ind2=" " tag="490"><subfield code="a">Scientific Monographs On Physics</subfield></datafield><datafield ind1=" " ind2=" " tag="852"><subfield code="a">20376</subfield><subfield code="c">539.13</subfield></datafield><datafield ind1=" " ind2=" " tag="CAT"><subfield code="a">Sys</subfield><subfield code="c">20120223</subfield><subfield code="h">111746</subfield></datafield></record></collection>